@book{ieee,
	address = {3 Park Avenue New York, NY 10016-5997 USA},
	booktitle = {Part 11: Wireless LAN Medium Access Control (MAC) and Physical Layer (PHY) Specifications},
	publisher = {IEEE Computer Society},
	series = {IEEE Standard for Information technology--- Telecommunications and information exchange between systems Local and metropolitan area networks--- Specific requirements},
	title = {IEEE Std 802.11-2016 (Revision of IEEE Std 802.11-2012)},
	year = {2016}
}

